@online{mooc2019statistical,
  author = {Lüthi, Marcel and Bouabene, Ghazi},
  title = {FutureLearn},
  year = {2019},
  url = {https://www.futurelearn.com/courses/statistical-shape-modelling},
  subtitle = {{Statistical Shape Modelling - Online Course}},
  language = {English},
  organization = {University of Basel},
  urldate = {2019-04-13},
}

@online{scalismo,
  author = {Lüthi, Marcel and Bouabene, Ghazi},
  title = {Scalismo},
  year = {2019},
  url = {https://github.com/unibas-gravis/scalismo},
  language = {English},
  organization = {University of Basel},
  urldate = {2019-04-15},
}

@online{smir,
  title = {SMIR},
  year = {2019},
  url = {https://www.smir.ch/courses/FutureLearnSSM},
  language = {English},
  organization = {SICAS},
  urldate = {2019-04-15},
}